<record xmlns="http://www.loc.gov/MARC21/slim" xmlns:xsi="http://www.w3.org/2001/XMLSchema-instance" xsi:schemaLocation="http://www.loc.gov/MARC21/slim http://www.loc.gov/standards/marcxml/schema/MARC21slim.xsd">

  <leader>01319nab a2200169   4500</leader>
  <controlfield tag="005">20160331140900.0</controlfield>
  <controlfield tag="008">160112b2       cr f|||| |||| 00| 0 spa d</controlfield>
  <datafield tag="090" ind1=" " ind2=" ">
    <subfield code="a">REVIS 06.02.01</subfield>
  </datafield>
  <datafield ind2=" " ind1="1" tag="100">
    <subfield code="9">1282</subfield>
    <subfield code="a">Jiménez Castro, Luis Manuel</subfield>
  </datafield>
  <datafield ind2="0" ind1="1" tag="245">
    <subfield code="a">Enfoque curricular centrado en la persona /</subfield>
    <subfield code="c">Luis Manuel Jiménez Castro</subfield>
  </datafield>
  <datafield tag="260" ind1=" " ind2=" ">
    <subfield code="a">San José, Costa Rica : </subfield>
    <subfield code="b"> Editorial Universidad de Costa Rica,</subfield>
    <subfield code="c">2008</subfield>
  </datafield>
  <datafield tag="300" ind1=" " ind2=" ">
    <subfield code="a">páginas 63-76</subfield>
  </datafield>
  <datafield ind2=" " ind1=" " tag="520">
    <subfield code="a">Un enfoque curricular estructura, visualiza y organiza el proceso educativo. Sin embargo, a pesar de su importancia, el sistema educativo costarricense no identifica unas características prácticas claras de un enfoque curricular, por medio del cual el educador pueda ubicar el tipo de estudiante que debe formar. 
Se desea sistematizar y aportar por medio de una revisión bibliográfica, del enfoque curricular centrado en la persona, una alternativa que favorezca la formación de las personas de manera integral, que promueva la crítica, la búsqueda de soluciones a problemas comunales y en general el avance de la sociedad a través del bien común</subfield>
  </datafield>
  <datafield tag="650" ind1="1" ind2="4">
    <subfield code="9">1</subfield>
    <subfield code="a">EDUCACIÓN</subfield>
  </datafield>
  <datafield ind2=" " ind1="0" tag="773">
    <subfield code="d">San José, Costa Rica : Editorial de la Universidad de Costa Rica, 1997-</subfield>
    <subfield code="o">R0396</subfield>
    <subfield code="t">EDUCACIÓN: Revista de la Universidad de Costa Rica</subfield>
    <subfield code="a">Vol.32, no.1 (2008)</subfield>
  </datafield>
  <datafield tag="942" ind2=" " ind1=" ">
    <subfield code="2">z</subfield>
    <subfield code="c">10</subfield>
  </datafield>
  <datafield tag="999" ind2=" " ind1=" ">
    <subfield code="c">3009</subfield>
    <subfield code="d">3009</subfield>
  </datafield>
</record>